@article{yanke_haken_aisen_fraass_thornton_1991,
    title={Design of MRI Scan Protocols for Use in 3-D, CT-Based Treatment Planning}, volume={16}, DOI={10.1016/0958-3947(91)90084-f}, number={4}, journal={Medical Dosimetry},
    author={Yanke, B.r. and Haken, R.k. Ten and Aisen, A. and Fraass, B.a. and Thornton, A.f.},
    year={1991},
    pages={205–211}}
@misc{ponse, place={Amsterdam}, 
    title={Protocol Validation Homework Assignment: Movable Patient Support for an MRI Scanner}, publisher={Vrije Universitiet}, author={Ponse, Alban}}
@misc{mcrl2, 
    title={mCRL2 specification¶}, url={https://www.mcrl2.org/web/user_manual/language_reference/mcrl2.html}, journal={mCRL2 specification - mCRL2 201808.0 documentation}}